<?xml version="1.0" encoding="UTF-8"?><collection xmlns="http://www.loc.gov/MARC21/slim"><record><leader>00395nam--2200121-i-4500</leader><controlfield tag="001">000040186</controlfield><controlfield tag="002">20161230</controlfield><controlfield tag="005">20161230201042</controlfield><controlfield tag="008">060222s1000------------r-----000-0-eng-d</controlfield><datafield ind1=" " ind2=" " tag="100"><subfield code="a">Salmela,A.E. And Vilpponrn,K.O</subfield></datafield><datafield ind1=" " ind2=" " tag="245"><subfield code="a">Autoradiographic determination of the distribution in some low-alloyed steels</subfield></datafield><datafield ind1=" " ind2=" " tag="260"><subfield code="a">Otaniemi, Technical Research Centre Of Finland, 1974. 9 P. + 6 Fig</subfield></datafield><datafield ind1=" " ind2=" " tag="852"><subfield code="a">40841</subfield></datafield></record></collection>